@article{vinter2014synchronous,
  title={Synchronous Message Exchange for Hardware Designs},
  author={VINTER, Brian and SKOVHEDE, Kenneth},
  year={2014}
}

@article{LawLee1998,
  title={Searching the world wide web},
  author={Lawrence, Steve and Giles, C Lee},
  journal={Science},
  volume=280,
  number=5360,
  pages={98--100},
  year=1998,
  publisher={American Association for the Advancement of Science},
}

@article{brown2003introduction,
  title={An introduction to the Kent C++ CSP Library},
  author={Brown, Neil CC and Welch, Peter H},
  journal={Communicating Process Architectures 2003},
  volume={61},
  pages={139--156},
  year={2003},
  publisher={IOS Press}
}

@article{sung2002comparative,
  title={Comparative performance evaluation of Java threads for embedded applications: Linux Thread vs. Green Thread},
  author={Sung, Minyoung and Kim, Soyoung and Park, Sangsoo and Chang, Naehyuck and Shin, Heonshik},
  journal={Information processing letters},
  volume={84},
  number={4},
  pages={221--225},
  year={2002},
  publisher={Elsevier}
}
